<record><leader>00000cas a22000007a 4500</leader><controlfield tag="001">31372864</controlfield><controlfield tag="008">941028d186818uumtuwr ne      0    0eng d</controlfield><datafield ind1=" " ind2=" " tag="010"><subfield code="a">sn 94052373 </subfield></datafield><datafield ind1=" " ind2=" " tag="040"><subfield code="a">CUY</subfield><subfield code="b">eng</subfield><subfield code="c">CNK</subfield><subfield code="d">OCLCQ</subfield><subfield code="d">OCLCF</subfield><subfield code="d">OCLCO</subfield></datafield><datafield ind1="1" ind2=" " tag="029"><subfield code="a">AU@</subfield><subfield code="b">000024758147</subfield></datafield><datafield ind1=" " ind2=" " tag="042"><subfield code="a">msc</subfield></datafield><datafield ind1=" " ind2=" " tag="043"><subfield code="a">n-us-mt</subfield></datafield><datafield ind1="0" ind2=" " tag="130"><subfield code="a">Weekly Rocky Mountain gazette (Helena, Mont. : 1868)</subfield></datafield><datafield ind1="1" ind2="0" tag="245"><subfield code="a">Weekly Rocky Mountain gazette.</subfield></datafield><datafield ind1=" " ind2=" " tag="260"><subfield code="a">Helena, Mont. Territory :</subfield><subfield code="b">Wilkinson &amp; Ronan</subfield></datafield><datafield ind1=" " ind2=" " tag="300"><subfield code="a">v.</subfield></datafield><datafield ind1=" " ind2=" " tag="310"><subfield code="a">Weekly</subfield></datafield><datafield ind1="1" ind2=" " tag="362"><subfield code="a">Began in 1868.</subfield></datafield><datafield ind1=" " ind2=" " tag="588"><subfield code="a">Description based on: Vol. 3, no. 22 (Dec. 3, 1868).</subfield></datafield><datafield ind1=" " ind2="0" tag="651"><subfield code="a">Helena (Mont.)</subfield><subfield code="v">Newspapers.</subfield></datafield><datafield ind1=" " ind2="7" tag="655"><subfield code="a">Newspapers.</subfield><subfield code="2">fast</subfield><subfield code="0">(OCoLC)fst01423814</subfield></datafield><datafield ind1=" " ind2="7" tag="651"><subfield code="a">Montana</subfield><subfield code="z">Helena.</subfield><subfield code="2">fast</subfield><subfield code="0">(OCoLC)fst01207480</subfield></datafield><datafield ind1=" " ind2=" " tag="752"><subfield code="a">United States</subfield><subfield code="b">Montana</subfield><subfield code="c">Lewis and Clark</subfield><subfield code="d">Helena.</subfield></datafield><datafield ind1="0" ind2=" " tag="775"><subfield code="a">Daily Rocky Mountain gazette</subfield><subfield code="w">(DLC)sn 84027514</subfield></datafield><datafield ind1="0" ind2="0" tag="780"><subfield code="t">Rocky Mountain gazette (Helena, Mont. : 1866 : Weekly)</subfield><subfield code="w">(DLC)sn 86075213</subfield></datafield><datafield ind1="0" ind2="0" tag="785"><subfield code="t">Rocky Mountain weekly gazette</subfield><subfield code="w">(DLC)sn 86075214</subfield></datafield></record>